<record><leader>00000cas a2200000 i 4500</leader><controlfield tag="001">878562557</controlfield><controlfield tag="007">hd afb---bacp</controlfield><controlfield tag="007">hd afb---babp</controlfield><controlfield tag="008">140429d18961899mtuwr nea     0    0eng c</controlfield><datafield ind1=" " ind2=" " tag="010"><subfield code="a">  2014252005</subfield></datafield><datafield ind1=" " ind2=" " tag="040"><subfield code="a">WAU</subfield><subfield code="b">eng</subfield><subfield code="e">rda</subfield><subfield code="c">WAU</subfield><subfield code="d">WAU</subfield><subfield code="d">OCLCF</subfield><subfield code="d">WAU</subfield></datafield><datafield ind1=" " ind2=" " tag="042"><subfield code="a">pcc</subfield></datafield><datafield ind1=" " ind2=" " tag="043"><subfield code="a">n-us-mt</subfield></datafield><datafield ind1="0" ind2="4" tag="245"><subfield code="a">The Clancy miner.</subfield></datafield><datafield ind1=" " ind2="1" tag="264"><subfield code="a">Clancy, Mont. :</subfield><subfield code="b">Williams &amp; Lyon,</subfield><subfield code="c">1896-1899.</subfield></datafield><datafield ind1=" " ind2=" " tag="300"><subfield code="a">4 volumes :</subfield><subfield code="b">illustrations ;</subfield><subfield code="c">50-55 cm</subfield></datafield><datafield ind1=" " ind2=" " tag="310"><subfield code="a">Weekly</subfield></datafield><datafield ind1=" " ind2=" " tag="336"><subfield code="a">text</subfield><subfield code="b">txt</subfield><subfield code="2">rdacontent</subfield></datafield><datafield ind1=" " ind2=" " tag="337"><subfield code="a">microform</subfield><subfield code="b">h</subfield><subfield code="2">rdamedia</subfield></datafield><datafield ind1=" " ind2=" " tag="338"><subfield code="a">microfilm reel</subfield><subfield code="b">hd</subfield><subfield code="2">rdacarrier</subfield></datafield><datafield ind1="1" ind2=" " tag="362"><subfield code="a">Began with: Vol. 2, no. 1 (Jan. 4, 1896); ceased with: vol. 5, no. 28 (July 15, 1899).</subfield></datafield><datafield ind1=" " ind2=" " tag="515"><subfield code="a">Also numbered whole no. 53-whole no. 237.</subfield></datafield><datafield ind1=" " ind2=" " tag="533"><subfield code="a">Microfilm.</subfield><subfield code="b">Seattle, Wash. :</subfield><subfield code="c">Cascade Microfilm Systems.</subfield><subfield code="e">1 microfilm reel ; 35 mm.</subfield></datafield><datafield ind1=" " ind2=" " tag="588"><subfield code="a">Description based on: Vol. 2, no. 1 (Jan. 4, 1896); title from masthead.</subfield></datafield><datafield ind1=" " ind2=" " tag="588"><subfield code="a">Latest issue consulted: Vol. 5, no. 28 (July 15, 1899).</subfield></datafield><datafield ind1=" " ind2="0" tag="651"><subfield code="a">Montana</subfield><subfield code="v">Newspapers.</subfield></datafield><datafield ind1=" " ind2="7" tag="651"><subfield code="a">Montana.</subfield><subfield code="2">fast</subfield><subfield code="0">(OCoLC)fst01207555</subfield></datafield><datafield ind1=" " ind2="7" tag="655"><subfield code="a">Newspapers.</subfield><subfield code="2">fast</subfield><subfield code="0">(OCoLC)fst01423814</subfield></datafield><datafield ind1=" " ind2=" " tag="752"><subfield code="a">United States</subfield><subfield code="b">Montana</subfield><subfield code="c">Jefferson</subfield><subfield code="d">Clancy.</subfield></datafield><datafield ind1="1" ind2=" " tag="776"><subfield code="t">Clancy miner</subfield><subfield code="w">(DLC)sn 85053011</subfield><subfield code="w">(OCoLC)11593180</subfield></datafield><datafield ind1="0" ind2="0" tag="780"><subfield code="t">Lump City miner</subfield><subfield code="w">(DLC)  2014252004</subfield><subfield code="w">(OCoLC)878562009</subfield></datafield></record>